%% This BibTeX bibliography file was created using BibDesk.
%% http://bibdesk.sourceforge.net/

%% Created for Shengchen Li at 2018-02-20 00:56:00 +0800 


%% Saved with string encoding Unicode (UTF-8) 



@misc{Zhang2017,
  author        = {Ming Zhang},
  date-added    = {2018-02-19 16:41:11 +0000},
  date-modified = {2018-02-19 16:56:00 +0000},
  howpublished  = {Web},
  title         = {西安交通大学毕业论文Latex模板},
  url           = {www.overleaf.com/latex/templates/tagged/xjtu},
  year          = {2017},
  bdsk-url-1    = {github.com/ustctug/ustcthesis}
}

@inproceedings{cConference,
  address       = {北京},
  author        = {作者},
  booktitle     = {会议论文集},
  date-added    = {2018-02-19 15:50:57 +0000},
  date-modified = {2018-02-19 15:54:14 +0000},
  title         = {题目},
  year          = {2014}
}

@inproceedings{eConference,
  address       = {London},
  author        = {Someone},
  booktitle     = {Proceeding of a conference},
  date-added    = {2018-02-19 15:50:22 +0000},
  date-modified = {2018-02-19 15:54:23 +0000},
  title         = {Title of the paper},
  year          = {2016}
}

@article{cArticle,
  author        = {作者},
  date-added    = {2018-02-19 15:49:56 +0000},
  date-modified = {2018-02-19 15:50:13 +0000},
  journal       = {杂志题目},
  title         = {题目},
  year          = {2017}
}

@article{eArticle,
  address       = {Norwood},
  author        = {Someone},
  date-modified = {2018-02-19 15:49:53 +0000},
  journal       = {A Journal},
  publisher     = {Artech House, Inc.},
  title         = {Title of the article},
  year          = {2005}
}

@book{cBook,
  address       = {北京},
  author        = {作者},
  date-modified = {2018-02-19 15:49:06 +0000},
  publisher     = {中国出版社},
  title         = {中文书目},
  year          = {2014}
}

@book{ebook,
  address       = {Mile End Road},
  author        = {Someone},
  date-modified = {2018-02-19 15:48:36 +0000},
  edition       = {4th},
  publisher     = {Publisher},
  title         = {English Book},
  year          = {2002}
}

@misc{Lee2016,
  author     = {Zeping Lee},
  title      = {GB/T 7714-2015 参考文献 BiBTeX 样式},
  url        = {github.com/ustctug/ustcthesis},
  year       = {2016},
  bdsk-url-1 = {github.com/ustctug/ustcthesis}
}
